@article{stallings2006whirlpool,
  title={The Whirlpool secure hash function},
  author={Stallings, William},
  journal={Cryptologia},
  volume={30},
  number={1},
  pages={55--67},
  year={2006},
  publisher={Taylor \& Francis}
}